<record><leader>00000cas a22000007a 4500</leader><controlfield tag="001">14868735</controlfield><controlfield tag="008">861124d19141915txucr ne      0    0eng d</controlfield><datafield ind1=" " ind2=" " tag="010"><subfield code="a">sn 86090246 </subfield></datafield><datafield ind1=" " ind2=" " tag="040"><subfield code="a">PPM</subfield><subfield code="b">eng</subfield><subfield code="c">PPM</subfield><subfield code="d">OCLCQ</subfield></datafield><datafield ind1=" " ind2=" " tag="042"><subfield code="a">msc</subfield></datafield><datafield ind1="0" ind2="4" tag="245"><subfield code="a">The Sealy semi-weekly news.</subfield></datafield><datafield ind1="1" ind2="3" tag="246"><subfield code="a">News</subfield></datafield><datafield ind1=" " ind2=" " tag="260"><subfield code="a">Sealy, Tex. :</subfield><subfield code="b">Sealy Pub. Co.</subfield></datafield><datafield ind1=" " ind2=" " tag="300"><subfield code="a">v. :</subfield><subfield code="b">ill. ;</subfield><subfield code="c">56 cm.</subfield></datafield><datafield ind1=" " ind2=" " tag="310"><subfield code="a">Semiweekly</subfield></datafield><datafield ind1="1" ind2=" " tag="362"><subfield code="a">Began in 1914; ceased in 1915.</subfield></datafield><datafield ind1=" " ind2=" " tag="500"><subfield code="a">Continues numbering of: Sealy news.</subfield></datafield><datafield ind1=" " ind2=" " tag="588"><subfield code="a">Description based on: Vol. 27, no. 38 (July 14, 1914).</subfield></datafield><datafield ind1=" " ind2=" " tag="752"><subfield code="a">United States</subfield><subfield code="b">Texas</subfield><subfield code="c">Austin</subfield><subfield code="d">Sealy.</subfield></datafield><datafield ind1="0" ind2="0" tag="780"><subfield code="t">Sealy news</subfield><subfield code="w">(DLC)sn 86090244</subfield></datafield><datafield ind1="0" ind2="0" tag="785"><subfield code="t">Sealy news (Sealy, Tex. : 1915)</subfield><subfield code="w">(DLC)sn 86090259</subfield></datafield></record>